

@book{kanig2010specification,
  title={Specification and Proof of Higher-order Programs: },
  author={Kanig, J.},
  url={http://books.google.fr/books?id=89dLMwEACAAJ},
  year={2010}
}

@inproceedings{MitchellM85,
  added-at = {2011-06-10T00:00:00.000+0200},
  author = {Mitchell, John C. and Meyer, Albert R.},
  biburl = {http://www.bibsonomy.org/bibtex/2c266a7900208cf2db0a754de4371a7b1/dblp},
  booktitle = {Logic of Programs},
  crossref = {DBLP:conf/lop/1985},
  editor = {Parikh, Rohit},
  ee = {http://dx.doi.org/10.1007/3-540-15648-8_18},
  interhash = {869fa63d3a14887e24a7a5ceb766d592},
  intrahash = {c266a7900208cf2db0a754de4371a7b1},
  isbn = {3-540-15648-8},
  keywords = {dblp},
  pages = {225-236},
  publisher = {Springer},
  series = {Lecture Notes in Computer Science},
  timestamp = {2011-06-10T00:00:00.000+0200},
  title = {Second-Order Logical Relations (Extended Abstract).},
  url = {http://dblp.uni-trier.de/db/conf/lop/lop1985.html#MitchellM85},
  volume = 193,
  year = 1985
}

@proceedings{DBLP:conf/lop/1985,
  editor    = {Rohit Parikh},
  title     = {Logics of Programs, Conference, Brooklyn College, June 17-19,
               1985, Proceedings},
  booktitle = {Logics of Programs},
  publisher = {Springer},
  series    = {Lecture Notes in Computer Science},
  volume    = {193},
  year      = {1985},
  isbn      = {3-540-15648-8},
  bibsource = {DBLP, http://dblp.uni-trier.de}
}

@inproceedings{Fri:75,
  author = {H. Friedman},
  title = {Equality between Functionals.},
  booktitle = {Symposium on Logic Held at Boston, 1972-73},
  publisher = {Springer-Verlag},
  year = {1975},
  volume = {453},
  pages = {22--37}
}

@book{plotkin1973lambda,
  title={Lambda-definability and Logical Relations},
  author={Plotkin, G.D.},
  series={SAI-RM 4},
  url={http://books.google.fr/books?id=ZheTQwAACAAJ},
  year={1973},
  publisher={Edinburgh University}
}


@ARTICLE{Hoare69anaxiomatic,
    author = {C. A. R. Hoare},
    title = {An axiomatic basis for computer programming},
    journal = {COMMUNICATIONS OF THE ACM},
    year = {1969},
    volume = {12},
    number = {10},
    pages = {576--580}
}

@inproceedings{Brock:1996:ATC:646184.682914,
 author = {Brock, Bishop and Kaufmann, Matt and Moore, J. Strother},
 title = {ACL2 Theorems About Commercial Microprocessors},
 booktitle = {Proceedings of the First International Conference on Formal Methods in Computer-Aided Design},
 series = {FMCAD '96},
 year = {1996},
 isbn = {3-540-61937-2},
 pages = {275--293},
 numpages = {19},
 url = {http://dl.acm.org/citation.cfm?id=646184.682914},
 acmid = {682914},
 publisher = {Springer-Verlag},
 address = {London, UK, UK}
} 

@Book{L:BC04,
  author       = "Bertot, Yves and Cast\'eran, Pierre",
  title        = "Interactive Theorem Proving and Program Development. Coq'Art: The Calculus of Inductive Constructions",
  series       = "Texts in Theoretical Computer Science",
  year         = "2004",
  publisher    = "Springer Verlag",
  url          = "http://www.labri.fr/publications/l3a/2004/BC04"
}

@INPROCEEDINGS{ kaufmann:an,
AUTHOR = "Matt Kaufmann and J. Strother Moore",
TITLE = "An ACL2 Tutorial",
BOOKTITLE = "TPHOLs'08",
PAGES = {17-21},
YEAR = {2008}
}

@inproceedings{BartheC02,
  author    = {Gilles Barthe and
               Pierre Courtieu},
  title     = {Efficient Reasoning about Executable Specifications in Coq},
  booktitle = {TPHOLs},
  year      = {2002},
  pages     = {31-46},
  ee        = {http://dx.doi.org/10.1007/3-540-45685-6_4},
  crossref  = {DBLP:conf/tphol/2002},
  bibsource = {DBLP, http://dblp.uni-trier.de}
}

@BOOK{Boyer-Moore79,
  TITLE = {A Computational Logic},
  AUTHOR = {R. S. Boyer and J S. Moore},
  PUBLISHER = {Academic Press},
  YEAR = 1979,
  ADDRESS = {New York, NY}
}

@book{slind1999reasoning,
  title={Reasoning about Terminating Functional Programs},
  author={Slind, K.},
  url={http://books.google.fr/books?id=h9\_5XwAACAAJ},
  year={1999}
}

@inproceedings{conf/tacas/SonnexDE12,
  added-at = {2012-03-23T00:00:00.000+0100},
  author = {Sonnex, William and Drossopoulou, Sophia and Eisenbach, Susan},
  biburl = {http://www.bibsonomy.org/bibtex/25fee975455594eb67e520235ffa8c750/dblp},
  booktitle = {TACAS},
  crossref = {conf/tacas/2012},
  editor = {Flanagan, Cormac and König, Barbara},
  ee = {http://dx.doi.org/10.1007/978-3-642-28756-5_28},
  interhash = {d7f93588284452331d754adf6d5ef122},
  intrahash = {5fee975455594eb67e520235ffa8c750},
  isbn = {978-3-642-28755-8},
  keywords = {dblp},
  pages = {407-421},
  publisher = {Springer},
  series = {Lecture Notes in Computer Science},
  timestamp = {2012-03-23T00:00:00.000+0100},
  title = {Zeno: An Automated Prover for Properties of Recursive Data Structures.},
  url = {http://dblp.uni-trier.de/db/conf/tacas/tacas2012.html#SonnexDE12},
  volume = 7214,
  year = 2012
}

@inproceedings{WBH+02-CADE18,
  abstract = {SPASS is an automated theorem prover for full first-order logic with equality. 
This system description provides an overview of recent developments in SPASS 
2.0, including among others an implementation of contextual rewriting, 
refinements of the clause normal form transformation, and enhancements of the 
inference engine.},
  added-at = {2006-11-26T11:43:57.000+0100},
  address = {Kopenhagen, Denmark},
  author = {Weidenbach, Christoph and Brahm, Uwe and Hillenbrand, Thomas and Keen, Enno and Theobalt, Christian and Topić, Dalibor},
  biburl = {http://www.bibsonomy.org/bibtex/27695f0dae3454a32d62f145886df667b/lonzo},
  booktitle = {Automated deduction, CADE-18 : 18th International Conference on Automated Deduction},
  description = {BibTeX Entries for: Brahm, Uwe},
  editor = {Voronkov, Andrei},
  interhash = {445dff5af035ffac5347c3af68af86e3},
  intrahash = {7695f0dae3454a32d62f145886df667b},
  isbn = {3-540-43931-5},
  keywords = {imported},
  paddress = {Heidelberg, Germany},
  pages = {275--279},
  publisher = {Springer},
  series = {Lecture Notes in Artificial Intelligence},
  timestamp = {2006-11-26T11:43:57.000+0100},
  title = {{SPASS} Version 2.0},
  volume = 2392,
  year = 2002
}

@MISC{ergo06,
  author = {Sylvain Conchon and Evelyne Contejean and Johannes Kanig},
  title = {{Ergo : a theorem prover for polymorphic first-order logic
  modulo theories}},
  year = 2006,
  abstract = {Ergo is a little engine of proof dedicated to program
  verification. It fully supports quantifiers and directly handles
  polymorphic sorts. Its core component is CC(X), a new combination
  scheme for the theory of uninterpreted symbols and a built-in theory
  X. Its architecture is highly modular and it consists only of 3000
  lines of Ocaml code. It is currently used to prove correctness of
  C and Java programs.},
  url = {http://ergo.lri.fr/papers/ergo.ps}
}

@article{vampire,
  author    = {Alexandre Riazanov and
               Andrei Voronkov},
  title     = {The design and implementation of VAMPIRE},
  journal   = {AI Commun.},
  volume    = {15},
  number    = {2-3},
  year      = {2002},
  pages     = {91-110},
  ee        = {http://iospress.metapress.com/content/ajar8kjbdtdf7kc2/},
  bibsource = {DBLP, http://dblp.uni-trier.de}
}

@inproceedings{DixonF03,
  title = {IsaPlanner: A Prototype Proof Planner in Isabelle},
  author = {Lucas Dixon and Jacques D. Fleuriot},
  year = {2003},
  doi = {http://springerlink.metapress.com/openurl.asp?genre=article&amp;issn=0302-9743&amp;volume=2741&amp;spage=279},
  researchr = {http://researchr.org/publication/DixonF03},
  cites = {0},
  citedby = {0},
  pages = {279-283},
  booktitle = {Automated Deduction - CADE-19, 19th International Conference on Automated Deduction Miami Beach, FL, USA, July 28 - August 2, 2003, Proceedings},
  editor = {Franz Baader},
  volume = {2741},
  series = {Lecture Notes in Computer Science},
  publisher = {Springer},
  isbn = {3-540-40559-3},
}

@INPROCEEDINGS{Lucassen,
    author = {John M. Lucassen and David K. Gifford},
    title = {Polymorphic effect systems},
    booktitle = {In Principles of Programming Languages (POPL},
    year = {1988},
    pages = {47--57},
    publisher = {ACM Press}
}


@article{Flanagan,
 author = {Flanagan, Cormac and Sabry, Amr and Duba, Bruce F. and Felleisen, Matthias},
 title = {The essence of compiling with continuations},
 journal = {SIGPLAN Not.},
 issue_date = {June 1993},
 volume = {28},
 number = {6},
 month = jun,
 year = {1993},
 issn = {0362-1340},
 pages = {237--247},
 numpages = {11},
 url = {http://doi.acm.org/10.1145/173262.155113},
 doi = {10.1145/173262.155113},
 acmid = {155113},
 publisher = {ACM},
 address = {New York, NY, USA},
}

@book{Pierce:2002:TPL:509043,
 author = {Pierce, Benjamin C.},
 title = {Types and programming languages},
 year = {2002},
 isbn = {0-262-16209-1},
 publisher = {MIT Press},
 address = {Cambridge, MA, USA},
} 

@inproceedings{Cuoq,
 author = {Cuoq, Pascal and Kirchner, Florent and Kosmatov, Nikolai and Prevosto, Virgile and Signoles, Julien and Yakobowski, Boris},
 title = {Frama-C: a software analysis perspective},
 booktitle = {Proceedings of the 10th international conference on Software Engineering and Formal Methods},
 series = {SEFM'12},
 year = {2012},
 isbn = {978-3-642-33825-0},
 location = {Thessaloniki, Greece},
 pages = {233--247},
 numpages = {15},
 url = {http://dx.doi.org/10.1007/978-3-642-33826-7_16},
 doi = {10.1007/978-3-642-33826-7_16},
 acmid = {2404250},
 publisher = {Springer-Verlag},
 address = {Berlin, Heidelberg},
} 

@article{Landin74,
    author = {Landin, P.},
    citeulike-article-id = {7953723},
    journal = {The Computer Journal},
    number = {4},
    pages = {308+},
    pdf = {file://localhost/Volumes/larsberg/Papers/Landin/The\%20Computer\%20Journal\%201964\%20Landin.pdf},
    posted-at = {2010-10-06 19:49:00},
    priority = {0},
    publisher = {Br Computer Soc},
    title = {{The mechanical evaluation of expressions}},
    volume = {6},
    year = {1964}
}

@article{Tait67,
  added-at = {2003-11-20T00:00:00.000+0100},
  author = {Tait, William},
  biburl = {http://www.bibsonomy.org/bibtex/23c6b04dd9b773c42fc09603e025e2ad2/dblp},
  date = {2003-11-20},
  description = {dblp},
  interhash = {528787c5b09ac32023402afa682917ae},
  intrahash = {3c6b04dd9b773c42fc09603e025e2ad2},
  journal = {J. Symb. Log.},
  keywords = {dblp},
  number = 2,
  pages = {198-212},
  timestamp = {2003-11-20T00:00:00.000+0100},
  title = {Intensional Interpretations of Functionals of Finite Type I.},
  url = {http://dblp.uni-trier.de/db/journals/jsyml/jsyml32.html#Tait67},
  volume = 32,
  year = 1967
}